<record><leader>00000cas a22000007a 4500</leader><controlfield tag="001">26328012</controlfield><controlfield tag="008">920804d18uu18uumouuu ne      0    0eng d</controlfield><datafield ind1=" " ind2=" " tag="010"><subfield code="a">sn 92058901 </subfield></datafield><datafield ind1=" " ind2=" " tag="040"><subfield code="a">MQN</subfield><subfield code="b">eng</subfield><subfield code="c">MQN</subfield><subfield code="d">OCL</subfield><subfield code="d">OCLCQ</subfield></datafield><datafield ind1=" " ind2=" " tag="043"><subfield code="a">n-us-mo</subfield></datafield><datafield ind1="0" ind2="4" tag="245"><subfield code="a">The American illustrator.</subfield></datafield><datafield ind1=" " ind2=" " tag="260"><subfield code="a">Peirce City [Pierce City] Mo. :</subfield><subfield code="b">Ed. Buckley</subfield></datafield><datafield ind1=" " ind2=" " tag="300"><subfield code="a">v.</subfield></datafield><datafield ind1=" " ind2=" " tag="580"><subfield code="a">Supplement to Peirce City Democrat (Pierce City, Mo. : Daily).</subfield></datafield><datafield ind1=" " ind2=" " tag="588"><subfield code="a">Description based on: Nov. 10, 1894.</subfield></datafield><datafield ind1=" " ind2="0" tag="651"><subfield code="a">Pierce City (Mo.)</subfield><subfield code="v">Newspapers.</subfield></datafield><datafield ind1=" " ind2=" " tag="752"><subfield code="a">United States</subfield><subfield code="b">Missouri</subfield><subfield code="c">Lawrence</subfield><subfield code="d">Pierce City.</subfield></datafield><datafield ind1=" " ind2=" " tag="752"><subfield code="a">United States</subfield><subfield code="b">Missouri</subfield><subfield code="c">Lawrence</subfield><subfield code="d">Peirce City.</subfield></datafield><datafield ind1="1" ind2=" " tag="772"><subfield code="t">Peirce City Democrat (Pierce City, Mo. : Daily)</subfield><subfield code="w">(DLC)sn 92058900</subfield></datafield></record>